@BOOK{GON1998,
    Address        = {México},
    Author         = {GONZÁLES, Carlos},
    Edition        = {Primera},
    Publisher      = {McGraw Hill},
    Title          = {ISO 9000, QS 9000, ISO 14000. Normas internacionales de administración de calidad y sistemas ambientales.},
    Year           = {1998}
}

@BOOK{GOO2002,
    Address        = {Estados Unidos},
    Author         = {GOODWILL, James},
    Edition        = {Primera},
    Publisher      = {Wiley Publishing},
    Title          = {Mastering Jakarta Struts},
    Year           = {2002}
}

@BOOK{LEW2000,
    Address        = {Estados Unidos},
    Author         = {LEWIS, William},
    Edition        = {Primera},
    Publisher      = {CRC Press LLC},
    Title          = {Software Testing and Continuous Quality Improvement},
    Year           = {2000}
}

@BOOK{PRE2002,
    Address        = {España},
    Author         = {PRESSMAN, Roger},
    Edition        = {Quinta},
    Publisher      = {McGraw Hill},
    Title          = {Ingeniería del Software - Un enfoque práctico},
    Year           = {2002}
}

@BOOK{RUM1996,
    Address        = {España},
    Author         = {RUMBAUGH, James BLAHA Michael PREMERLANI William EDDY Frederick LORENSEN William},
    Edition        = {Primera},
    Publisher      = {Prentice-Hall},
    Title          = {Modelado y Diseño Orientado a Objetos. Metodología OMT},
    Year           = {1996}
}

@BOOK{RUM2000,
    Address        = {Estados Unidos},
    Author         = {RUMBAUGH, James JACOBSON Ivan BOOCH Grady},
    Publisher      = {Addison-Wesley},
    Title          = {El lenguaje Unificado de Modelado. Manual de Referencia},
    Year           = {2000}
}

@BOOK{SOM1995,
    Address        = {Estados Unidos},
    Author         = {SOMMERVILLE, Ian},
    Edition        = {Quinta},
    Publisher      = {Addison-Wesley},
    Title          = {Software Engineering},
    Year           = {1995}
}

@BOOK{SOM1996,
    Address        = {Estados Unidos},
    Author         = {SOMMERVILLE, Ian},
    Edition        = {Sexta},
    Publisher      = {Addison-Wesley},
    Title          = {Ingeniería del Software},
    Year           = {1996}
}

@ARTICLE{BED1997,
    Author         = {BEDINI, Alejandro},
    Journal        = {1er. Simposio Latinoamericano de calidad y productividad en el desarrollo del software. SINTEC. Santiago, Chile},
    Title          = {SPICE. Software Process Improvement and Capability Determination},
    Volume         = {1},
    Year           = {1997}
}

@ARTICLE{BED1998,
    Author         = {BEDINI, Alejandro},
    Journal        = {Congreso SoST'98. Universidad de Buenos Aires. Buenos Aires, Argentina},
    Title          = {Lo bueno, lo malo y lo feo de los Marcos de Trabajo},
    Volume         = {1},
    Year           = {1998}
}

@MISC{AEI2002,
    Author         = {AEI, Asociación Española de Internet},
    Howpublished   = {www.ciberaula.com/curso/apache/},
    Note           = {Fecha de consulta: 23 de octubre de 2003},
    Title          = {Apache 2.0},
    Year           = {2002}
}

@MISC{ANT1999,
    Author         = {ANTONIUCCI, Javier},
    Howpublished   = {programacion.com/java/tutorial/},
    Note           = {Fecha de consulta: 8 de mayo de 2003},
    Title          = {Manual Básico de Struts},
    Year           = {2003}
}

@MISC{APA2003,
    Author         = {APACHE, Foundation},
    Howpublished   = {jakarta.apache.org/struts/userGuide/introduction.html},
    Note           = {Fecha de consulta: 3 de junio de 2003},
    Title          = {The Struts User's Guide - Introduction},
    Year           = {2003}
}

@MISC{ASC2003,
    Author         = {ASCII, ASociación para el Conocimiento y la Innovación de la Informática},
    Howpublished   = {ascii.eii.us.es/cursos/PHP/PHP4.html},
    Note           = {Fecha de consulta: 22 de octubre de 2003},
    Title          = {Web dinámicas con PHP},
    Year           = {2003}
}

@MISC{ASQ2003,
    Author         = {ASQ, American Society for Quality},
    Howpublished   = {www.asq.org},
    Note           = {Fecha de consulta: 26 de noviembre de 2003},
    Title          = {Quality basics},
    Year           = {2003}
}

@MISC{BAC1994,
    Author         = {BACH, James},
    Howpublished   = {www.satisfice.com/articles/CMM.htm},
    Note           = {Fecha de consulta: 4 de junio de 2003},
    Title          = {The Immadurity of CMM©},
    Year           = {2004}
}

@MISC{BUA2000,
    Author         = {BUADES, Gabriel},
    Howpublished   = {dmi.uib.es/~bbuades/calidad/index.htm},
    Note           = {Fecha de consulta: 15 de junio de 2003},
    Title          = {Calidad en Ingeniería del Software},
    Year           = {2000}
}

@MISC{BUR1992,
    Author         = {BURBECK, Steven},
    Howpublished   = {st-www.cs.uiuc.edu/users/smarch/st-docs/mvc.html},
    Note           = {Fecha de consulta: 3 de junio de 2003},
    Title          = {How to use Model-View-Controller  (MVC)},
    Year           = {1992}
}

@MISC{CER2000,
    Author         = {CERVERA, Ángel},
    Howpublished   = {www.monografias.com/trabajos5/call/call.shtml},
    Note           = {Fecha de consulta: 24 de mayo de 2003},
    Title          = {El modelo McCall como aplicación de la calidad a la revisión del software de gestión empresarial},
    Year           = {2000}
}

@MISC{COR2001,
    Author         = {CORTES, Gloria},
    Howpublished   = {www.ubiquando.com.co},
    Note           = {Fecha de consulta: 21 de marzo de 2003},
    Title          = {Desarrollo de Software con Calidad},
    Year           = {2001}
}

@MISC{CUE1999,
    Author         = {CUEVA, Juan Manuel},
    Howpublished   = {gidis.ing.unlpam.edu.ar/downloads/pdfs},
    Note           = {Fecha de consulta: 22 de marzo de 2003},
    Title          = {Calidad del Software},
    Year           = {1999}
}

@MISC{CUT2001,
    Author         = {CUTLER, A. N.},
    Howpublished   = {www.sigma-engineering.co.uk/light/shewhartbiog.htm},
    Note           = {Fecha de consulta: 4 de junio de 2003},
    Title          = {Biography of Walter A. Shewhart},
    Year           = {2001}
}

@MISC{EVE2003,
    Author         = {EVERLASTING, Technologies},
    Howpublished   = {www.everlastingtec.com},
    Note           = {Fecha de consulta: 26 de enero de 2004},
    Title          = {Rational Unified Process},
    Year           = {2003}
}

@MISC{GAR2001,
    Author         = {GARCÍA, Claudia GOMEZ Pilar},
    Howpublished   = {mailweb.udlap.mx},
    Note           = {Fecha de consulta: 3 de mayo de 2003},
    Title          = {El Modelo de Capacidad de Madurez},
    Year           = {2001}
}

@MISC{GER2003,
    Author         = {GERVÁS, Pablo},
    Howpublished   = {calisto.sip.ucm.es/people/pablo/teaching/tp0203/cap10.pdf},
    Note           = {Fecha de consulta: 27 de junio de 2003},
    Title          = {Capítulo 11 Prueba},
    Year           = {2003}
}

@MISC{GOM2001,
    Author         = {GÓMEZ, Mateo},
    Howpublished   = {www.losparciales.com.ar/examen/kenpaper02200103.pdf},
    Note           = {Fecha de consulta: 12 de marzo de 2003},
    Title          = {Calidad del Software},
    Year           = {2001}
}

@MISC{IBA2003,
    Author         = {IBARRA, Armando},
    Howpublished   = {delta.cs.cinvestav.mx/~pmejia/softeng},
    Note           = {Fecha de consulta: 7 de julio de 2003},
    Title          = {Rational Unified Process},
    Year           = {2003}
}

@MISC{IGN2003,
    Author         = {IGNSIDE.NET},
    Howpublished   = {www.ignside.net/man/PHP/},
    Note           = {Fecha de consulta: 23 de octubre de 2003},
    Title          = {Apuntes de PHP},
    Year           = {2003}
}

@MISC{NAS2003,
    Author         = {NASSCOM, National Association of Software and Service Companies},
    Howpublished   = {www.nasscom.org/qualitycertified.asp},
    Note           = {Fecha de consulta: 5 de mayo de 2003},
    Title          = {List of Quality Certified Companies},
    Year           = {2003}
}

@MISC{NET2004,
    Author         = {NETCRAFT},
    Howpublished   = {news.netcraft.com},
    Note           = {Fecha de consulta: 22 de mayo de 2004},
    Title          = {May 2004 Web Server Survey},
    Year           = {2004}
}

@MISC{PIC2003,
    Author         = {PICS, Process Improvement Center},
    Howpublished   = {pics.arcs.ac.at/synbench/Assessments2.htm},
    Note           = {Fecha de consulta: 27 de septiembre de 2003},
    Title          = {Grundsteine für Assessments},
    Year           = {2003}
}

@MISC{PHP2004,
    Author         = {PHP.NET},
    Howpublished   = {www.php.net/usage.php},
    Note           = {Fecha de consulta: 22 de mayo de 2004},
    Title          = {Usage Stats for 2004},
    Year           = {2004}
}

@MISC{RAM2001,
    Author         = {RAMIREZ, Gustavo},
    Howpublished   = {atenea.ucauca.edu.co/~gramirez/archivos/AnotacionesRUP.pdf},
    Note           = {Fecha de consulta: 1 de julio de 2003},
    Title          = {Apuntes RUP},
    Year           = {2001}
}

@MISC{SAL2000,
    Author         = {SALESA, Inma PALACIOS Ester},
    Howpublished   = {courses.cs.tamu.edu/cpsc431/lively/},
    Note           = {Fecha de consulta: 5 de mayo de 2003},
    Title          = {Capability Madurity Model (CMM)},
    Year           = {2000}
}

@MISC{SCH1998,
    Author         = {SCHULDT, Jurgen E.},
    Howpublished   = {www.geocities.com/WallStreet/Exchange/9158/shewhart.htm},
    Note           = {Fecha de consulta: 4 de junio de 2003},
    Title          = {Walter A. Shewhart},
    Year           = {1998}
}

@MISC{SEI2003,
    Author         = {SEI, Software Engineering Institute. Carneguie Mellon University},
    Howpublished   = {www.sei.cmu.edu/sema/pdf/SW-CMM/2003apr.pdf},
    Note           = {Fecha de consulta: 16 de septiembre de 2003},
    Title          = {Process Madurity Profile},
    Year           = {2003}
}

@MISC{TEC2003,
    Author         = {TECHSTREET},
    Howpublished   = {www.techstreet.com/},
    Note           = {Fecha de consulta: 26 de junio de 2003},
    Title          = {IEEE and ISO Standards Catalogs},
    Year           = {2003}
}

@MISC{WEB2003,
    Author         = {WEBESTILO},
    Howpublished   = {www.webestilo.com/PHP/},
    Note           = {Fecha de consulta: 23 de octubre de 2003},
    Title          = {Manual de PHP},
    Year           = {2003}
}

@MISC{ORA2004,
    Author         = {ORACLE},
    Howpublished   = {otn.oracle.com/pub/articles/},
    Month          = {Abril},
    Note           = {Fecha de consulta: 28 de abril de 2004},
    Title          = {PHP and ASP.NET Go Head-to-Head},
    Year           = {2004}
}

@MISC{TAR2002,
    Author         = {TARRIO, Jacobo},
    Howpublished   = {www.xente.mundo-r.com/jtarrio/txt/mvc.html},
    Month          = {diciembre},
    Note           = {Fecha de consulta: 23 de octubre de 2003},
    Title          = {MVC en PHP},
    Year           = {2002}
}

